@misc{
	primer_ordenador,
	title			= {Quién inventó el ordenador y su historia},
	howpublished	= "\url{https://www.brandominus.com/quien-invento-ordenador/}",
	month			= Jun,
	year			= {2015},
  author = {Carlos Ramos Marquez}
}

@misc{
	primer_movil,
	title			= {¿Quién inventó el primer teléfono móvil?},
	howpublished	= "\url{https://www.vix.com/es/btg/curiosidades/2011/07/31/quien-invento-el-primer-telefono-movil}",
	month			= Jul,
	year			= {2011},
  author = {Guillermo Rodriguez}
}

@misc{
	smartphone,
	title			= {Smartphone},
	howpublished	= "\url{https://www.ecured.cu/Smartphone}",
	month			= Mar,
	year			= {2011},
  author = {Yosbel Ledesma Piñero}
}

@misc{
	SPBB_manual,
	title			= {Short Physical Performance Battery (SPPB) - Protocol},
	howpublished	= "\url{https://research.ndorms.ox.ac.uk/prove/documents/assessors/outcomeMeasures/SPPB_Protocol.pdf}",
	month			= Feb,
	year			= {2013},
  author = {PROVE: Physiotherapy Rehabilitation of Osteoporotic Vertebral Fracture}
}

@misc{
	EPFAM,
	title			= {Envejecimiento poblacional y fragilidad en el adulto mayor},
	howpublished	= "\url{https://www.scielosp.org/scielo.php?pid=S0864-34662007000100010&script=sci_abstract}",
	month			= Sep,
	year			= {2006},
  author = {Patricia Alonso Galbán, Félix J. Sansó Soberats, Ana María Díaz-Canel Navarro, Mayra Carrasco García, Tania Oliva}
}

@misc{
	FA,
	title			= {La fragilidad en el anciano},
	howpublished	= "\url{https://repositorio.unican.es/xmlui/bitstream/handle/10902/5126/SaladoMoralesL.pdf?sequence=1&isAllowed=y}",
	year			= {2014},
  author = {Laura Salado Morales}
}

@misc{
	envejecimiento,
	title			= {Envejecimiento},
	howpublished	= "\url{https://www.un.org/es/sections/issues-depth/ageing/index.html}",
  author = {NACIONES UNIDAS}
}

@misc{
	SPPB_nlm,
	title			= {A short physical performance battery assessing lower extremity function: association with self-reported disability and prediction of mortality and nursing home admission.},
	howpublished	= "\url{https://www.ncbi.nlm.nih.gov/pubmed/8126356}",
	month			= Mar,
	year			= {1994},
  author = {Guralnik JM, Simonsick EM, Ferrucci L, Glynn RJ, Berkman LF, Blazer DG, Scherr PA, Wallace RB}
}

@misc{
	SPPB_clasificacion,
	title			= {Programa multicomponente de ejercicio físico para la prevención de la fragilidad y el riesgo de caídas.},
	howpublished	= "\url{http://www.munideporte.com/imagenes/documentacion/ficheros/0134414D.pdf}",
  author = {Mikel Izquierdo}
}

@book{Brocklehurst,
    author    = "Brocklehurst JC",
    title     = "The geriatric sevice and the day hospital",
    year      = "1985",
    publisher = "En: Brocklehurst JC, Texbook of geriatric medicine and gerontology 3™ ed",
    address   = "Edinburg.Churchill Livingstone",
    pages     = "982--995"
}

@article{HervasGarcia,
    author      = "A. Hervás, E. García de Jalón",
    title       = {Situación cognitiva como condicionante de fragilidad en el anciano. Perspectiva desde un centro de salud},
    journal     = "Anales Sis San Navarra",
    volume      = "28",
    number      = "1",
    month		= Jan,
    year        = "2005",
    DOI  = "\url{http://scielo.isciii.es/scielo.php?script=sci_arttext&pid=s1137-66272005000100004}"
}

@misc{
	juntandalucia,
	title			= {Anexos},
	howpublished	= "\url{https://www.juntadeandalucia.es/export/drupaljda/salud_5af1956d99647_10_anexos_2018.pdf}",
  author = {Junta de Andalucía}
}

@misc{
	predictive_sppb,
	title			= {Predictive Value of the Short Physical Performance Battery Following Hospitalization in Older Patients},
	howpublished	= "\url{https://www.ncbi.nlm.nih.gov/pmc/articles/PMC3011958/}",
	month			= Sep,
	year			= {2010},
  author = {Stefano Volpato, Margherita Cavalieri, Fotini Sioulis, Gianluca Guerra, Cinzia Maraldi, Giovanni Zuliani, Renato Fellin, Jack M. Guralnik}
}



@misc{
	Fragilidad_y_nutricion,
	title			= {Guía de Buena Práctica Clínica en Geriatría: Fragilidad y nutrición en el anciano},
	howpublished	= "\url{https://www.segg.es/media/descargas/GBPCG_Fragilidad_y_nutricion_en_el_anciano.pdf}",
  author = {Dr. Primitivo Ramos Cordero, Dr. Pedro Abizanda Soler, Dr. Cecilio Álamo González, Dr. Federico Cuesta Triana, Dr. Javier Gómez Pavón, Dr. Alfonso González Ramírez, DrA. Montserrat Lázaro del Nogal, DrA. Pilar Matía Martín, Dr. Leocadio Rodríguez Mañas}
}

@misc{
	ministerio_sanidad,
	title			= {Documento  de  consenso  sobre  prevención de fragilidad y caídas en la persona mayor: estrategia de Promoción de la salud y Prevención en el Sistema Nacional de Salud (SNS)},
	howpublished	= "\url{https://www.mscbs.gob.es/profesionales/saludPublica/prevPromocion/Estrategia/docs/FragilidadyCaidas_personamayor.pdf}",
	month			= Jun,
	year			= {2014},
  author = {Ministerio de Sanidad Servicios Sociales e Igualdad}
}

@misc{
	BlueBliss,
	title			= {Valoración de la Fragilidad},
	howpublished	= "\url{https://play.google.com/store/apps/details?id=com.escalasdefragilidad}",
	month			= Jan,
	year			= {2018},
  author = {Blue Bliss}
}

@misc{
	GeriStrong,
	title			= {SPPB Test},
	howpublished	= "\url{https://play.google.com/store/apps/details?id=com.drtrevorminer.sppbtest}",
	month			= Apr,
	year			= {2018},
  author = {GeriStrong}
}

@misc{
	analisis_requisitos,
	title			= {Análisis y Diseño Detallado de Aplicaciones Informáticas de Gestión},
	howpublished	= "\url{http://www.jroliva.com/fernando/Análisis/Teoria/Tema3.pdf}",
  author = {Fernando Carbajo Josa}
}

@misc{
	VanessaRosello,
	title			= {Las metodologías ágiles más utilizadas y sus ventajas dentro de la empresa},
	howpublished	= "\url{https://www.iebschool.com/blog/que-son-metodologias-agiles-agile-scrum/}",
	month			= Mar,
	year			= {2019},
  author = {Vanessa Rosselló Villán}
}

@misc{
	android_developers,
	title			= {Conoce Android Studio},
	howpublished	= "\url{https://developer.android.com/studio/intro/?gclid=Cj0KCQjwv8nqBRDGARIsAHfR9wDNJdM18RXgi-8t6WWvUUqzlQSA5rYUfrPZ3krYXEfVc1qcZfSM-M0aAhYQEALw_wcB}",
  author = {Android Developers}
}

@misc{
	androidstudio_wikipedia,
	title			= {Android Studio},
	howpublished	= "\url{https://es.wikipedia.org/wiki/Android_Studio}",
  author = {Wikipedia},
  note = "[Online; Consultado el 13 de Agosto de 2019]"
}

@misc{
	github_wikipedia,
	title			= {GitHub},
	howpublished	= "\url{https://es.wikipedia.org/wiki/GitHub}",
  author = {Wikipedia},
  note = "[Online; Consultado el 13 de Agosto de 2019]"
}

@misc{
	trello,
	title			= {Optimiza tu forma de trabajo y la de tu equipo ¿Qué es Trello?},
	howpublished	= "\url{https://gestron.es/que-es-trello/}",
  author = {Gestron}
}

@misc{
	android_wikipedia,
	title			= {Android},
	howpublished	= "\url{https://es.wikipedia.org/wiki/Android}",
  author = {Wikipedia},
  note = "[Online; Consultado el 13 de Agosto de 2019]"
}

@misc{
	arquitecturaAndroid,
	title			= {Arquitectura de la plataforma},
	howpublished	= "\url{https://developer.android.com/guide/platform?hl=es-419}",
  author = {Android Developers},
  note = "[Online; Consultado el 13 de Agosto de 2019]"
}

@misc{
	dashboards,
	title			= {Paneles de control},
	howpublished	= "\url{https://developer.android.com/about/dashboards}",
	month			= May,
	year			= {2019},
  author = {Android Developers},
}

@misc{
	databases,
	title			= {Conexión a base de datos externa desde Android: SGDB},
	howpublished	= "\url{https://academiaandroid.com/conexion-base-datos-externa-android-sgbd/}",
	month			= Oct,
	year			= {2014},
  author = {Academia Android – Jose Antonio Gázquez},
}

@misc{
	java_wikipedia,
	title			= {Android},
	howpublished	= "\url{https://es.wikipedia.org/wiki/Java_(lenguaje_de_programación)}",
  author = {Wikipedia},
  note = "[Online; Consultado el 14 de Agosto de 2019]"
}

@misc{
	design,
	title			= {5 razones por las que el diseño es importante para las empresas.},
	howpublished	= "\url{http://www.ihcsl.com/?p=216}",
	month			= Dec,
	year			= {2013},
  author = {IHC},
}

@misc{
	vectorial,
	title			= {Qué es una imagen vectorial: características y diferencias con los mapas de bits},
	howpublished	= "\url{https://marketing4ecommerce.net/que-es-una-imagen-vectorial-y-como-reconocerla/}",
	month			= Jan,
	year			= {2018},
  author = {Laura Alonso},
}

@misc{
	Arumadigital,
	title			= {Illustrator 249 Personaje cartoon Bear Boy},
	howpublished	= "\url{https://www.youtube.com/watch?v=4EOwVG5awBw}",
	month			= Mar,
	year			= {2016},
  author = {Arumadigital},
}

@misc{
	SimpleDesigners,
	title			= {Design Process : Design a 3D BOX in Illustrator CC 2017},
	howpublished	= "\url{https://www.youtube.com/watch?v=nh7bVULdkpE}",
	month			= Sep,
	year			= {2017},
  author = {The Simple Designers},
}

@misc{
	gravedad,
	title			= {Gravimetría (geofísica)},
	howpublished	= "\url{https://es.wikipedia.org/wiki/Gravimetría_(geofísica)}",
  author = {Wikipedia},
  note = "[Online; Consultado el 18 de Agosto de 2019]"
}

@misc{
	PeteLepage,
	title			= {Movimiento y orientación del dispositivo},
	howpublished	= "\url{https://developers.google.com/web/fundamentals/native-hardware/device-orientation/}",
  author = {Pete LePage},
}

@misc{
	Vieyra,
	title			= {Physics Toolbox Accelerometer},
	howpublished	= "\url{https://play.google.com/store/apps/details?id=com.chrystianvieyra.android.physicstoolboxaccelerometer&hl=en_US&rdid=com.chrystianvieyra.android.physicstoolboxaccelerometer}",
  author = {Vieyra Software},
}

@misc{
	gdpr_eu,
	title			= {Data protection under GDPR},
	howpublished	= "\url{https://europa.eu/youreurope/business/dealing-with-customers/data-protection/data-protection-gdpr/index_en.htm}",
  author = {EU},
}

@misc{
	gdpr_powerdata,
	title			= {GDPR: Lo que debes saber sobre el reglamento general de protección de datos},
	howpublished	= "\url{https://www.powerdata.es/gdpr-proteccion-datos}",
  author = {PowerData},
}

@misc{
	gdpr_stackexchange,
	title			= {GDPR and local data storage in mobile app},
	howpublished	= "\url{https://law.stackexchange.com/questions/28700/gdpr-and-local-data-storage-in-mobile-app}",
	month			= May,
	year			= {2018},
  author = {Free Radical},
}